@online{Object_Detection,
author = {Jo√£o Barraca},
year = {2019},
url = {http://image-dnn-sgh-jpbarraca.ws.atnog.av.it.pt/},
}

%%%%%%%%%%%%%%%%%%%%%%%%%%%%%%%%%%%%%%%%%%%%%%%%%%%%

@online{Template_Bootstrap,
author = {Blackrock Digital},
year = {2019},
url = {https://startbootstrap.com/templates/sb-admin/},
}

%%%%%%%%%%%%%%%%%%%%%%%%%%%%%%%%%%%%%%%%%%%%%%%%%%%%

